@Book{Uhlir1978,
	author = "Jiří Uhlíř and Rudolf Fišer and Eva Nováčková",
	title = {Třebíč: Dějiny města I.},
	publisher = {Blok},
	year = {1978},
	isbn = {80-23918-22-2},
	place = "Brno",
}

@Book{Janak1981,
	author = "Jan Janák",
	title = {Třebíč: Dějiny města II.},
	publisher = {Blok},
	year = {1981},
	place = "Brno",
}

@Book{Honzak1995,
	author = "František Honzák and Marek Pečenka and František Stellner and Jitka Vlčková",
	title = {Evropa v proměnách staletí},
	publisher = {Libry},
	year = {1995},
	isbn = {80-85983-00-1}
	place = "Praha",
}

@Book{Fiser2005,
	author = "Rudolf Fišer",
	title = {Osudy židovských domů 1724 -- 1850},
	publisher = {Třebíč MMV},
	year = {2005},
	isbn = {80-85571-18-8}
	place = "Třebíč",
}

@Book{Klenovsky2003,
	author = "Jaroslav Klenovský",
	title = {Židovské památky Třebíče},
	publisher = {Akademické nakladatelsví CERM},
	year = {2003},
	isbn = {80-7204-285-8}
	place = "Brno",
}

@Book{Pekny2001,
	author = "Tomáš Pěkný",
	title = {Historie Židů v Čechách a na Moravě},
	publisher = {Sefer},
	year = {2001},
	isbn = {80-85924-33-1}
	place = "Praha",
}

@Book{Wihoda2010,
	author = "Martin Wihoda",
	title = {Morava v době knížectví 906-1197},
	publisher = {Lidové Noviny},
	year = {2010},
	isbn = {978-80-7106-563-0}
	place = "Praha",
}

@Book{Putik2015,
	author = "Alexander Putík",
	title = {Dějiny Židů v českých zemích v 10. -- 18. století},
	publisher = {Židovské muzeum v Praze},
	year = {2015},
	isbn = {978-80-87366-48-6}
	place = "Praha",
}

@MastersThesis{Svobodva2015,
	author = {Jitka Svobodová},
	title = {Židovská obec v Třebíči v letech 1850 - 1930},
	school = {Jihočeská univerzita v Českých Budějovicích},
	year = {2015},
}

@MastersThesis{Kracmova2011,
	author = {Renáta Kračmová},
	title = {Historie třebíčské židovské obce},
	school = {Jihočeská univerzita v Českých Budějovicích},
	year = {2011},
}

@MastersThesis{Hanackova2008,
	author = {Jaromíra Hanáčková},
	title = {Židovské město v Třebíči -- urbanismus a architektura},
	school = {Masarykova universita},
	year = {2008},
}

@manual{HaproxyDocs,
	title = {HAProxy Enterprise Documentation 2.3r1},
	organization = {HAProxy Technologies, LLC},
	url = {https://www.haproxy.com/documentation/hapee/latest/},
	note = "[cit 2021-13-4]"
}

@manual{Templates,
	title={Dashboard template},
	organization={Create-Tim},
	url={https://github.com/creativetimofficial/light-bootstrap-dashboard-react},
	note="[cit. 2021-13-4]",
}


@manual{Components,
	title={Materia-UI},
	organization={react-table},
	url={https://react-table.tanstack.com/docs/examples/material-ui-components},
	note="[cit. 2021 14-4]",
}

@manual{LXD,
	title={LXD docs -- REST API},
	organization={Canonical},
	url={https://linuxcontainers.org/lxd/docs/master/rest-api},
	note="[cit. 2021 14-4]",
}

@manual{XTERM,
	title={xterm react example},
	organization={sengmo},
	url={https://github.com/seongmo/xterm-react-example},
	note="[cit. 2021 14-4]";
}

@manual{WT901B,
	title = {WT901 Datasheet},
	organization = {WitMotion Shenzen Co. Ltd.},
	url = {https://www.wit-motion.com/gyroscope-module/Witmotion-wt901-ttl-i2c.html},
	note = "[cit 2022-27-2]"
}

@manual{WT901BL,
	title = {Arduino-JY901-Serial},
	author = { Paul Tian},
	organization = {GitHub},
	url = {https://github.com/paul-tian/Arduino-JY901-Serial},
	note = "[cit 2022-27-2]"
}
@manual{INA226,
	title = {INA226 High-Side or Low-Side Measurement, Bi-Directional Current and Power Monitor with I2C Compatible Interface datasheet (Rev. A)},
	organization = {Texas Instrument},
	url = {https://www.ti.com/product/ina226?dcmp=dsproject\&hqs=pf\#tech-docs},
	note = "[cit 2022-27-2]"
}
@manual{INA226L,
	title = {raspberry-pi-ina226},
	author = { Mario Arias },
	organization = {GitHub},
	url = {https://github.com/MarioAriasGa/raspberry-pi-ina226},
	note = "[cit 2022-27-2]"
}

@manual{PCA9865,
	title = {Library PCA9685},
	author = {Arjan},
	organization = {GitHub},
	url = {https://github.com/vanvught/rpidmx512/tree/master/lib-pca9685},
	note = "[cit 2022-27-2]"
}

@manual{BoilerplateGUI,
	title = {gtk3-opencv3-ux-sampling},
	author = {doleron},
	organization = {GitHub},
	url = {https://github.com/doleron/gtk3-opencv3-ux-sampling},
	note = "[cit 2022-27-2]"
}

@manual{PixBufRot,
	title = {Can a GDK Pixbuf be rotated by something less than 90 degrees},
	author = {George Williams},
	organization = {StackOverflow},
	url = {https://stackoverflow.com/questions/37520296/can-a-gdk-pixbuf-be-rotated-by-something-less-than-90-degrees/39130357\#39130357}
	note = "[cit 2022-27-2]"
}
@manual{Texture,
	title = {QFlightinstruments},
	author = {marek-cel},
	organization = {GitHub},
	url = {https://github.com/marek-cel/QFlightinstruments},
	note = "[cit 2022-27-2]"
}

@manual{Inih,
	title= {inih},
	author={Ben Hoyt},
	organization={GitHub},
	url={https://github.com/benhoyt/inih},
	note = "[cit 2022-28-3]"


